@book{rasmussen2006gaussian,
	author = {Rasmussen, Carl Edward and Williams, Christopher K. I.},
	title = {Gaussian Processes for Machine Learning (Adaptive Computation and Machine Learning)},
	year = {2006},
	isbn = {026218253X},
	publisher = {The MIT Press},
}
@inproceedings{nguyen2008learning,
	title={Learning robot dynamics for computed torque control using local gaussian processes regression},
	author={Nguyen-Tuong, Duy and Peters, Jan},
	booktitle={Learning and Adaptive Behaviors for Robotic Systems, 2008. LAB-RS'08. ECSIS Symposium on},
	pages={59--64},
	year={2008},
	organization={IEEE}
}
@book{morris1995oxford,
  title={The Oxford history of the prison: The practice of punishment in Western society},
  author={Morris, Norval and Rothman, David J},
  year={1995},
  publisher={Oxford University Press}
}
@article{hauert2007via,
  title={Via freedom to coercion: the emergence of costly punishment},
  author={Hauert, Christoph and Traulsen, Arne and Brandt, Hannelore and Nowak, Martin A and Sigmund, Karl},
  journal={science},
  volume={316},
  number={5833},
  pages={1905--1907},
  year={2007},
  publisher={American Association for the Advancement of Science}
}

